<record><leader>00000cas a22000007a 4500</leader><controlfield tag="001">25969284</controlfield><controlfield tag="008">920608d19841984riuwr ne      0    0eng d</controlfield><datafield ind1=" " ind2=" " tag="010"><subfield code="a">sn 92064091 </subfield></datafield><datafield ind1=" " ind2=" " tag="040"><subfield code="a">RHN</subfield><subfield code="b">eng</subfield><subfield code="c">RHN</subfield><subfield code="d">OCLCQ</subfield></datafield><datafield ind1=" " ind2=" " tag="042"><subfield code="a">msc</subfield></datafield><datafield ind1="0" ind2="0" tag="245"><subfield code="a">Rhode Island sports &amp; recreation newspaper.</subfield></datafield><datafield ind1=" " ind2=" " tag="260"><subfield code="a">East Greenwich, R.I. :</subfield><subfield code="b">Rhode Island Recreational Pub. Co.</subfield></datafield><datafield ind1=" " ind2=" " tag="300"><subfield code="a">v.</subfield></datafield><datafield ind1=" " ind2=" " tag="310"><subfield code="a">Weekly,</subfield><subfield code="b">June 29-July 13, 1984</subfield></datafield><datafield ind1=" " ind2=" " tag="321"><subfield code="a">Biweekly,</subfield><subfield code="b">Feb. 10-June 22, 1984</subfield></datafield><datafield ind1="0" ind2=" " tag="362"><subfield code="a">Vol. 2, issue 5 (Feb. 10, 1984)-v. 3, issue 4 (July 13, 1984) = no. 18-no. 30.</subfield></datafield><datafield ind1=" " ind2="4" tag="651"><subfield code="a">East Greenwich (R.I. : Town)</subfield><subfield code="v">Newspapers.</subfield></datafield><datafield ind1=" " ind2=" " tag="752"><subfield code="a">United States</subfield><subfield code="b">Rhode Island</subfield><subfield code="c">Kent</subfield><subfield code="d">East Greenwich.</subfield></datafield><datafield ind1="0" ind2="0" tag="780"><subfield code="t">Rhode Island recreational</subfield><subfield code="w">(DLC)sn 92064090</subfield></datafield><datafield ind1="0" ind2="0" tag="785"><subfield code="t">Rhode Island sports &amp; recreation</subfield><subfield code="w">(DLC)sn 92064092</subfield></datafield><datafield ind1="1" ind2=" " tag="029"><subfield code="a">AU@</subfield><subfield code="b">000020711511</subfield></datafield></record>